@ARTICLE{zgraggen2016progressive, 
author={E. Zgraggen and A. Galakatos and A. Crotty and J. D. Fekete and T. Kraska}, 
journal={IEEE Transactions on Visualization and Computer Graphics}, 
title={How Progressive Visualizations Affect Exploratory Analysis}, 
year={2016}, 
volume={PP}, 
number={99}, 
pages={1-1}, 
keywords={Data analysis;Data visualization;Histograms;Measurement;Prefetching;Time factors;Visualization;Exploratory analysis;insight-based evaluation;interactive visualization;progressive visualization;scalability}, 
doi={10.1109/TVCG.2016.2607714}, 
ISSN={1077-2626}, 
month={},
}

@article{Lins:2013:NFR,
  title={Nanocubes for real-time exploration of spatiotemporal datasets},
  author={Lins, Lauro and Klosowski, James T and Scheidegger, Carlos},
  journal={Visualization and Computer Graphics, IEEE Transactions on},
  volume={19},
  number={12},
  pages={2456--2465},
  year={2013},
  publisher={IEEE}
}

@article{brown2014finding,
  title={Finding waldo: Learning about users from their interactions},
  author={Brown, Eli T and Ottley, Alvitta and Zhao, Helen and Lin, Quan and Souvenir, Richard and Endert, Alex and Chang, Remco},
  journal={IEEE Transactions on visualization and computer graphics},
  volume={20},
  number={12},
  pages={1663--1672},
  year={2014},
  publisher={IEEE}
}

@inproceedings{battle2016dynamic,
  title={Dynamic prefetching of data tiles for interactive visualization},
  author={Battle, Leilani and Chang, Remco and Stonebraker, Michael},
  booktitle={Proceedings of the 2016 International Conference on Management of Data (SIGMOD)},
  pages={1363--1375},
  year={2016},
  organization={ACM}
}

@inproceedings{Battle:2015:VLDB,
  title={Dynamic Prefetching of Data Tiles for Interactive Visualization},
  author={Leilani Battle and Remco Chang and Michael Stonebraker},
 booktitle = {Proceedings of Very Large Data Bases (VLDB)},
 year = {2015},
 note = {Conditionally Accepted}
}

@article{Liu:2013:IRT,
  title={imMens: Real-time Visual Querying of Big Data},
  author={Liu, Zhicheng and Jiang, Biye and Heer, Jeffrey},
  journal={Computer Graphics Forum},
  volume={32},
  number={3pt4},
  pages={421--430},
  year={2013},
  organization={Wiley Online Library}
}

@inproceedings{Fisher:2012:TMI,
 author = {Fisher, Danyel and Popov, Igor and Drucker, Steven and schraefel, m.c.},
 title = {Trust Me, I'M Partially Right: Incremental Visualization Lets Analysts Explore Large Datasets Faster},
 booktitle = {Proceedings of the SIGCHI Conference on Human Factors in Computing Systems},
 series = {CHI '12},
 year = {2012},
 isbn = {978-1-4503-1015-4},
 location = {Austin, Texas, USA},
 pages = {1673--1682},
 numpages = {10},
 url = {http://doi.acm.org/10.1145/2207676.2208294},
 doi = {10.1145/2207676.2208294},
 acmid = {2208294},
 publisher = {ACM},
 address = {New York, NY, USA},
 keywords = {exploratory data analysis, incremental visualizations, large data, online aggregation},
} 

@inproceedings{Kandel:2012:PIS,
  title={Profiler: Integrated statistical analysis and visualization for data quality assessment},
  author={Kandel, Sean and Parikh, Ravi and Paepcke, Andreas and Hellerstein, Joseph M and Heer, Jeffrey},
  booktitle={Proceedings of the International Working Conference on Advanced Visual Interfaces},
  pages={547--554},
  year={2012},
  organization={ACM}
}

@inproceedings{Battle:2013:DRO,
  title={Dynamic reduction of query result sets for interactive visualizaton},
  author={Battle, Leilani and Stonebraker, Michael and Chang, Remco},
  booktitle={Big Data, 2013 IEEE International Conference on},
  pages={1--8},
  year={2013},
  organization={IEEE}
}

@misc{beliv,
  title = {{BELIV}: {BE}yond time and errors: novel eva{L}uation methods for {I}nformation {V}isualization},
  note = {http://beliv.cs.univie.ac.at/about.php}
}

@inproceedings{Agarwal:2013:BQW,
  title={BlinkDB: queries with bounded errors and bounded response times on very large data},
  author={Agarwal, Sameer and Mozafari, Barzan and Panda, Aurojit and Milner, Henry and Madden, Samuel and Stoica, Ion},
  booktitle={Proceedings of the 8th ACM European Conference on Computer Systems},
  pages={29--42},
  year={2013},
  organization={ACM}
}

@inproceedings{stonebraker2005one,
  title={" One size fits all": an idea whose time has come and gone},
  author={Stonebraker, Michael and Cetintemel, Ugur},
  booktitle={Data Engineering, 2005. ICDE 2005. Proceedings. 21st International Conference on},
  pages={2--11},
  year={2005},
  organization={IEEE}
}

@article{cudre2009demonstration,
  title={A demonstration of SciDB: a science-oriented DBMS},
  author={Cudr{\'e}-Mauroux, Philippe and Kimura, Hideaki and Lim, K-T and Rogers, Jennie and Simakov, Roman and Soroush, Emad and Velikhov, Pavel and Wang, Daniel L and Balazinska, Magdalena and Becla, Jacek and others},
  journal={Proceedings of the VLDB Endowment},
  volume={2},
  number={2},
  pages={1534--1537},
  year={2009},
  publisher={VLDB Endowment}
}

@misc{mapd,
  author = {Todd Mostak},
 title = {An Overview of MapD (Massively Parallel Database)},
 year = {2014},
 howpublished = {http://map-d.com/docs/mapd-whitepaper.pdf}
}

@article{stolte2002polaris,
  title={Polaris: A system for query, analysis, and visualization of multidimensional relational databases},
  author={Stolte, Chris and Tang, Diane and Hanrahan, Pat},
  journal={Visualization and Computer Graphics, IEEE Transactions on},
  volume={8},
  number={1},
  pages={52--65},
  year={2002},
  publisher={IEEE}
}
