@ARTICLE{zgraggen2016progressive, 
author={E. Zgraggen and A. Galakatos and A. Crotty and J. D. Fekete and T. Kraska}, 
journal={IEEE Transactions on Visualization and Computer Graphics}, 
title={How Progressive Visualizations Affect Exploratory Analysis}, 
year={2016}, 
volume={PP}, 
number={99}, 
pages={1-1}, 
keywords={Data analysis;Data visualization;Histograms;Measurement;Prefetching;Time factors;Visualization;Exploratory analysis;insight-based evaluation;interactive visualization;progressive visualization;scalability}, 
doi={10.1109/TVCG.2016.2607714}, 
ISSN={1077-2626}, 
month={},}

@misc{beliv,
  title = {{BELIV}: {BE}yond time and errors: novel eva{L}uation methods for {I}nformation {V}isualization},
  note = {http://beliv.cs.univie.ac.at/about.php}
}

@inproceedings{Agarwal:2013:BQW,
  title={BlinkDB: queries with bounded errors and bounded response times on very large data},
  author={Agarwal, Sameer and Mozafari, Barzan and Panda, Aurojit and Milner, Henry and Madden, Samuel and Stoica, Ion},
  booktitle={Proceedings of the 8th ACM European Conference on Computer Systems},
  pages={29--42},
  year={2013},
  organization={ACM}
}

@inproceedings{stonebraker2005one,
  title={" One size fits all": an idea whose time has come and gone},
  author={Stonebraker, Michael and Cetintemel, Ugur},
  booktitle={Data Engineering, 2005. ICDE 2005. Proceedings. 21st International Conference on},
  pages={2--11},
  year={2005},
  organization={IEEE}
}

@article{cudre2009demonstration,
  title={A demonstration of SciDB: a science-oriented DBMS},
  author={Cudr{\'e}-Mauroux, Philippe and Kimura, Hideaki and Lim, K-T and Rogers, Jennie and Simakov, Roman and Soroush, Emad and Velikhov, Pavel and Wang, Daniel L and Balazinska, Magdalena and Becla, Jacek and others},
  journal={Proceedings of the VLDB Endowment},
  volume={2},
  number={2},
  pages={1534--1537},
  year={2009},
  publisher={VLDB Endowment}
}

@misc{mapd,
  author = {Todd Mostak},
 title = {An Overview of MapD (Massively Parallel Database)},
 year = {2014},
 howpublished = {http://map-d.com/docs/mapd-whitepaper.pdf}
}

@article{stolte2002polaris,
  title={Polaris: A system for query, analysis, and visualization of multidimensional relational databases},
  author={Stolte, Chris and Tang, Diane and Hanrahan, Pat},
  journal={Visualization and Computer Graphics, IEEE Transactions on},
  volume={8},
  number={1},
  pages={52--65},
  year={2002},
  publisher={IEEE}
}