@article{Lins:2013:NFR,
  title={Nanocubes for real-time exploration of spatiotemporal datasets},
  author={Lins, Lauro and Klosowski, James T and Scheidegger, Carlos},
  journal={Visualization and Computer Graphics, IEEE Transactions on},
  volume={19},
  number={12},
  pages={2456--2465},
  year={2013},
  publisher={IEEE}
}

@inproceedings{Battle:2015:VLDB,
  title={Dynamic Prefetching of Data Tiles for Interactive Visualization},
  author={Leilani Battle and Remco Chang and Michael Stonebraker},
 booktitle = {Proceedings of Very Large Data Bases (VLDB)},
 year = {2015},
 note = {Conditionally Accepted}
}

@article{Liu:2013:IRT,
  title={imMens: Real-time Visual Querying of Big Data},
  author={Liu, Zhicheng and Jiang, Biye and Heer, Jeffrey},
  journal={Computer Graphics Forum},
  volume={32},
  number={3pt4},
  pages={421--430},
  year={2013},
  organization={Wiley Online Library}
}

@inproceedings{Fisher:2012:TMI,
 author = {Fisher, Danyel and Popov, Igor and Drucker, Steven and schraefel, m.c.},
 title = {Trust Me, I'M Partially Right: Incremental Visualization Lets Analysts Explore Large Datasets Faster},
 booktitle = {Proceedings of the SIGCHI Conference on Human Factors in Computing Systems},
 series = {CHI '12},
 year = {2012},
 isbn = {978-1-4503-1015-4},
 location = {Austin, Texas, USA},
 pages = {1673--1682},
 numpages = {10},
 url = {http://doi.acm.org/10.1145/2207676.2208294},
 doi = {10.1145/2207676.2208294},
 acmid = {2208294},
 publisher = {ACM},
 address = {New York, NY, USA},
 keywords = {exploratory data analysis, incremental visualizations, large data, online aggregation},
} 

@inproceedings{Kandel:2012:PIS,
  title={Profiler: Integrated statistical analysis and visualization for data quality assessment},
  author={Kandel, Sean and Parikh, Ravi and Paepcke, Andreas and Hellerstein, Joseph M and Heer, Jeffrey},
  booktitle={Proceedings of the International Working Conference on Advanced Visual Interfaces},
  pages={547--554},
  year={2012},
  organization={ACM}
}

@inproceedings{Battle:2013:DRO,
  title={Dynamic reduction of query result sets for interactive visualizaton},
  author={Battle, Leilani and Stonebraker, Michael and Chang, Remco},
  booktitle={Big Data, 2013 IEEE International Conference on},
  pages={1--8},
  year={2013},
  organization={IEEE}
}

}
